%% This BibTeX bibliography file was created using BibDesk.
%% http://bibdesk.sourceforge.net/


%% Created for Travis Collins at 2013-04-11 22:10:28 -0400 


%% Saved with string encoding Unicode (UTF-8) 



@book{sdr_jam,
	Author = {Arslan, H.},
	Isbn = {9781402055423},
	Publisher = {Springer London, Limited},
	Series = {Signals and Communication Technology},
	Title = {Cognitive Radio, Software Defined Radio, and Adaptive Wireless Systems},
	Url = {http://books.google.com/books?id=yMgGGe-z7mYC},
	Year = {2007},
	Bdsk-Url-1 = {http://books.google.com/books?id=yMgGGe-z7mYC}}

@inproceedings{detjam,
	Acmid = {1062697},
	Address = {New York, NY, USA},
	Author = {Xu, Wenyuan and Trappe, Wade and Zhang, Yanyong and Wood, Timothy},
	Booktitle = {Proceedings of the 6th ACM international symposium on Mobile ad hoc networking and computing},
	Doi = {10.1145/1062689.1062697},
	Isbn = {1-59593-004-3},
	Keywords = {denial of service, jammer detection, jamming},
	Location = {Urbana-Champaign, IL, USA},
	Numpages = {12},
	Pages = {46--57},
	Publisher = {ACM},
	Series = {MobiHoc '05},
	Title = {The feasibility of launching and detecting jamming attacks in wireless networks},
	Url = {http://doi.acm.org/10.1145/1062689.1062697},
	Year = {2005},
	Bdsk-Url-1 = {http://doi.acm.org/10.1145/1062689.1062697},
	Bdsk-Url-2 = {http://dx.doi.org/10.1145/1062689.1062697}}

@techreport{onr_original,
	Author = {Dr. Alexander M. Wyglinski and Dr. Christopher R. Anderson},
	Date-Added = {2013-04-11 15:18:43 +0000},
	Date-Modified = {2013-04-11 15:20:28 +0000},
	Institution = {Office of Naval Research},
	Number = {ONR 09-016},
	Title = {{BLISS: A Blind Spectrum Separation Approach for Jamming-Resistant Communications}},
	Type = {Technical Proposal},
	Year = {2009}}

@article{antss,
	Author = {Telatar, Emre},
	Doi = {10.1002/ett.4460100604},
	Issn = {1541-8251},
	Journal = {European Transactions on Telecommunications},
	Number = {6},
	Pages = {585--595},
	Publisher = {Wiley Subscription Services, Inc., A Wiley Company},
	Title = {Capacity of Multi-antenna Gaussian Channels},
	Url = {http://dx.doi.org/10.1002/ett.4460100604},
	Volume = {10},
	Year = {1999},
	Bdsk-Url-1 = {http://dx.doi.org/10.1002/ett.4460100604}}

@book{spinger,
	Author = {Morinaga, N. and Kohno, R. and Sampei, S.},
	Isbn = {9780792379003},
	Lccn = {00031339},
	Publisher = {Springer},
	Series = {The Springer International Series in Engineering and Computer Science},
	Title = {Wireless Communication Technologies: New Multimedia Systems},
	Url = {http://books.google.com/books?id=rXV7jsjw8C8C},
	Year = {2000},
	Bdsk-Url-1 = {http://books.google.com/books?id=rXV7jsjw8C8C}}

@article{mnoise,
	Author = {Inoue, T. and Saruwatari, H. and Takahashi, Yu and Shikano, K. and Kondo, K.},
	Doi = {10.1109/TASL.2010.2098871},
	Issn = {1558-7916},
	Journal = {Audio, Speech, and Language Processing, IEEE Transactions on},
	Keywords = {acoustic noise;music;signal denoising;speech processing;statistical analysis;amplitude spectral subtraction;generalized spectral subtraction;higher order statistics;musical noise;power spectral subtraction;Higher order statistics;Noise;Noise reduction;Spectral analysis;Speech;Speech processing;Generalized spectral subtraction;Wiener filtering;higher order statistics;musical noise;speech enhancement},
	Number = {6},
	Pages = {1770-1779},
	Title = {Theoretical Analysis of Musical Noise in Generalized Spectral Subtraction Based on Higher Order Statistics},
	Volume = {19},
	Year = {2011},
	Bdsk-Url-1 = {http://dx.doi.org/10.1109/TASL.2010.2098871}}

@inproceedings{viterbi,
	Author = {Lagunas, M. and Perez-Neia, A.I. and Vidal, J.},
	Booktitle = {Signals, Systems amp; Computers, 1997. Conference Record of the Thirty-First Asilomar Conference on},
	Doi = {10.1109/ACSSC.1997.680576},
	Issn = {1058-6393},
	Keywords = {Viterbi detection;array signal processing;direction-of-arrival estimation;diversity reception;equalisers;filtering theory;land mobile radio;matched filters;SNR;Viterbi equalizer;base station architecture;baseband detector;coding;impulse response;joint beamforming;matched DIR response;matched filter;mobile communications;sequence detector;signal to noise plus interferences ratio;spatial diversity;very low signal to noise ratios;wireless communications;Array signal processing;Base stations;Baseband;Communication standards;Detectors;Equalizers;Mobile communication;Signal to noise ratio;Viterbi algorithm;Wireless communication},
	Pages = {915-919 vol.1},
	Title = {Joint beamforming and Viterbi equalizer in wireless communications},
	Volume = {1},
	Year = {1997},
	Bdsk-Url-1 = {http://dx.doi.org/10.1109/ACSSC.1997.680576}}

@article{turbo,
	Author = {Koetter, R. and Singer, A.C. and T{\"u}chler, M.},
	Doi = {10.1109/MSP.2004.1267050},
	Issn = {1053-5888},
	Journal = {Signal Processing Magazine, IEEE},
	Keywords = {channel coding;convolutional codes;data communication;equalisers;intersymbol interference;iterative decoding;telecommunication channels;turbo codes;ISI channels;coded data transmission;convolutional code;digital data;intersymbol interference;iterative decoding technique;iterative equalization;turbo decoding algorithm;turbo equalization;Bit error rate;Decoding;Error correction;Forward error correction;Intersymbol interference;Modulation coding;Optical receivers;Optical transmitters;Protection;Signal processing algorithms},
	Number = {1},
	Pages = {67-80},
	Title = {Turbo equalization},
	Volume = {21},
	Year = {2004},
	Bdsk-Url-1 = {http://dx.doi.org/10.1109/MSP.2004.1267050}}

@article{wavelet,
	Author = {Xu, Y. and Weaver, J.B. and Healy, D.M., Jr. and Lu, J.},
	Doi = {10.1109/83.336245},
	Issn = {1057-7149},
	Journal = {Image Processing, IEEE Transactions on},
	Keywords = {correlation methods;edge detection;filtering theory;image enhancement;image restoration;medical image processing;medical signal processing;wavelet transforms;artifacts;direct spatial correlation;edge detection;enhancement;filtered images;image restoration;motion artifact removal;multiresolution decompositions;noise content;noise filtration technique;phantom images;real MR images;resolution;simulated signals;spatially dependent noise filtration;spatially selective noise filtration technique;wavelet transform domain filters;Filters;Filtration;Image analysis;Image edge detection;Image resolution;Signal resolution;Spatial resolution;Wavelet analysis;Wavelet domain;Wavelet transforms},
	Number = {6},
	Pages = {747-758},
	Title = {Wavelet transform domain filters: a spatially selective noise filtration technique},
	Volume = {3},
	Year = {1994},
	Bdsk-Url-1 = {http://dx.doi.org/10.1109/83.336245}}

@book{lpcfilter,
	Author = {Simon Haykin},
	Date-Added = {2013-03-15 20:21:11 +0000},
	Date-Modified = {2013-03-15 20:22:03 +0000},
	Edition = {4},
	Publisher = {Prentice Hall},
	Title = {Adaptive Filter Theory},
	Year = {2002}}

@misc{tomrondeau,
	Author = {Eric Blossom},
	Date-Added = {2013-03-15 20:17:30 +0000},
	Date-Modified = {2013-03-15 20:19:04 +0000},
	Howpublished = {TheMailArchive},
	Month = {September},
	Title = {{[Discuss-gnuradio] s/Eric/Tom/g}},
	Url = {http://www.mail-archive.com/discuss-gnuradio@gnu.org/msg26468.html},
	Year = {2010},
	Bdsk-Url-1 = {http://www.mail-archive.com/discuss-gnuradio@gnu.org/msg26468.html}}

@misc{numpy,
	Author = {Eric Jones and Travis Oliphant and Pearu Peterson and others},
	Title = {{{SciPy}: Open source scientific tools for {Python}}},
	Url = {http://www.scipy.org/},
	Year = {2001--},
	Bdsk-Url-1 = {http://www.scipy.org/}}

@phdthesis{skrkantPHD,
	Author = {Srikanth Pagadarai},
	Date-Added = {2013-03-15 20:09:41 +0000},
	Date-Modified = {2013-03-15 20:10:33 +0000},
	School = {Worcester Polytechnic Institute},
	Title = {Wireless Communications and Spectrum Characterization in Impaired Channel Environments},
	Year = {2012}}

@techreport{midterm_report,
	Author = {Alexander Wyglinski and Christopher Anderson and Srikanth Pagadarai},
	Date-Added = {2013-03-15 20:07:17 +0000},
	Date-Modified = {2013-03-15 20:09:32 +0000},
	Institution = {Office of Naval Research},
	Title = {Semi-Blind Estimation of Correlated MIMO Channels using Optimal Training Design in Multiuser Environments},
	Year = {2011}}

@misc{swig,
	Author = {Dave Beazley},
	Date-Added = {2013-03-15 19:54:03 +0000},
	Date-Modified = {2013-03-15 20:00:41 +0000},
	Title = {{SWIG (Simplified Wrapper and Interface Generator)}},
	Url = {http://www.swig.org/},
	Year = {1996--},
	Bdsk-Url-1 = {http://www.swig.org/}}

@techreport{armadillo,
	Author = {Conrad Sanderson},
	Date-Added = {2013-03-15 19:51:18 +0000},
	Date-Modified = {2013-03-15 19:52:26 +0000},
	Institution = {NICTA},
	Title = {Armadillo: An Open Source C++ Linear Algebra Library for Fast Prototyping and Computationally Intensive Experiments},
	Year = {2010}}

@misc{gnuradioCPP,
	Author = {The GNU Radio Project},
	Date-Added = {2013-03-15 19:49:05 +0000},
	Date-Modified = {2013-03-15 19:50:21 +0000},
	Title = {{GNU Radio 3.6.4 C++ API Documentation}},
	Url = {http://gnuradio.org/doc/doxygen/index.html},
	Urldate = {2013-03-15},
	Bdsk-Url-1 = {http://gnuradio.org/doc/doxygen/index.html}}

@inproceedings{AMUSE,
	Author = {Rui Li and Fasong Wang},
	Booktitle = {Anti-counterfeiting, Security, Identification, 2007 IEEE International Workshop on},
	Doi = {10.1109/IWASID.2007.373752},
	Keywords = {Gaussian processes;adaptive signal processing;blind source separation;correlation methods;independent component analysis;Gaussian distributed source;adaptive batch blind signal separation;adaptive semiblind signal separation;correlated source signals;independent component analysis;second-order statistical information;temporal structure;Adaptive algorithm;Additive noise;Autocorrelation;Biomedical signal processing;Image restoration;Independent component analysis;Mathematics;Shape;Signal processing algorithms;Source separation},
	Pages = {315-318},
	Title = {Adaptive Semiblind Signal Separation Approach Using Temporal Structure of Sources},
	Year = {April},
	Bdsk-Url-1 = {http://dx.doi.org/10.1109/IWASID.2007.373752}}

@misc{mrc_m,
	Author = {Krishna Sankar Madhavan Pillai},
	Date-Added = {2013-03-14 20:31:09 +0000},
	Date-Modified = {2013-03-14 20:36:18 +0000},
	Month = {apr},
	Title = {{Maximal Ratio Combining Effective SNR}},
	Url = {ttp://images.dsplog.com/db-install/wp-content/uploads/2008/09/scri pt_maximal_ratio_combining_effective_snr.m},
	Year = {2009},
	Bdsk-Url-1 = {ttp://images.dsplog.com/db-install/wp-content/uploads/2008/09/scri%20pt_maximal_ratio_combining_effective_snr.m}}

@misc{fs1037c,
	Author = {Institute for Telecommunication Sciences},
	Date-Added = {2013-03-14 20:27:40 +0000},
	Date-Modified = {2013-03-14 20:29:29 +0000},
	Title = {Federal Standard 1037C},
	Url = {http://www.its.bldrdoc.gov/fs-1037/fs-1037c.htm},
	Bdsk-Url-1 = {http://www.its.bldrdoc.gov/fs-1037/fs-1037c.htm}}

@misc{diversity,
	Author = {Raviraj Adve},
	Date-Added = {2013-03-14 20:23:04 +0000},
	Date-Modified = {2013-03-14 20:24:42 +0000},
	Title = {Receive Diversity},
	Url = {http://www.comm.utoronto.ca/~rsadve/Notes/DiversityReceive.pdf},
	Bdsk-Url-1 = {http://www.comm.utoronto.ca/~rsadve/Notes/DiversityReceive.pdf}}

@inproceedings{SSEXAMPLE3,
	Author = {Guang-Yan, Wang and Xiao-Qun, Zhao and Xia, Wang},
	Booktitle = {Wireless Mobile and Computing (CCWMC 2009), IET International Communication Conference on},
	Keywords = {Musical Noise;Spectral Subtraction;Speech Communication;Speech Enhancement;Wiener Filter},
	Pages = {726-729},
	Title = {Musical noise reduction based on spectral subtraction combined with Wiener filtering for speech communication},
	Year = {Dec.}}

@inproceedings{SSEXAMPLE2,
	Author = {Upadhyay, N. and Karmakar, A.},
	Booktitle = {Computer and Communication Technology (ICCCT), 2012 Third International Conference on},
	Doi = {10.1109/ICCCT.2012.75},
	Keywords = {AWGN;spectral analysis;speech enhancement;colored noise;critical-band rate scale;degraded speech enhancement;flat spectrum;frequency spectrum;informal subjective evaluations;minimal speech distortions;noisy speech spectrum;nonuniform spectrum;perceptually motivated multiband spectral subtraction algorithm;real-world noise;remnant noise;short-time spectral magnitude estimation;signal-to-noise ratio;uniformly spaced frequency bands;unpleasant noise;white Gaussian noise;Algorithm design and analysis;Humans;Noise measurement;Signal to noise ratio;Speech;Speech enhancement;critical-band rate scale;multi-band spectral subtraction;speech enhancement},
	Pages = {340-345},
	Title = {A Perceptually Motivated Multi-Band Spectral Subtraction Algorithm for Enhancement of Degraded Speech},
	Year = {Nov.},
	Bdsk-Url-1 = {http://dx.doi.org/10.1109/ICCCT.2012.75}}

@article{SSEXAMPLE,
	Author = {Wooil Kim and Sunmee Kang and Hanseok Ko},
	Doi = {10.1049/ip-vis:20000408},
	Issn = {1350-245X},
	Journal = {Vision, Image and Signal Processing, IEE Proceedings -},
	Keywords = {hearing;noise;spectral analysis;speech enhancement;speech intelligibility;SNR;acoustic characteristics;blind spectral subtraction;human auditory system;masking effects;masking threshold;minimum spectral bound;modified subtraction rule;phonemes;phonetic dependency;residual noise reduction;spectral distortion compensation;spectrum sharpening;speech enhancement;speech perception mechanism;speech production;speech state-dependent spectral subtraction;subtraction induced signal distortion;unvoiced speech;voiced speech},
	Number = {5},
	Pages = {423-427},
	Title = {Spectral subtraction based on phonetic dependency and masking effects},
	Volume = {147},
	Year = {Oct},
	Bdsk-Url-1 = {http://dx.doi.org/10.1049/ip-vis:20000408}}

@inproceedings{ss_subjective2,
	Author = {BabaAli, B. and Sameti, H. and Safayani, M.},
	Booktitle = {Signal Processing, 2008. ICSP 2008. 9th International Conference on},
	Doi = {10.1109/ICOSP.2008.4697210},
	Keywords = {maximum likelihood estimation;speech recognition;FarsDat database;likelihood-maximizing framework;model distance maximizing framework;robust speech recognition;robustness method;spectral over-subtraction factor;speech recognizer-based spectral subtraction method;Additive noise;Automatic speech recognition;Calibration;Decoding;Error analysis;Filters;Robustness;Signal to noise ratio;Speech enhancement;Speech recognition},
	Pages = {627-630},
	Title = {Spectral subtraction in Model Distance Maximizing framework for robust speech recognition},
	Year = {Oct.},
	Bdsk-Url-1 = {http://dx.doi.org/10.1109/ICOSP.2008.4697210}}

@inproceedings{ss_subjective1,
	Author = {Udrea, R.M. and Ciochina, S.},
	Booktitle = {Signals, Circuits and Systems, 2003. SCS 2003. International Symposium on},
	Doi = {10.1109/SCS.2003.1226974},
	Keywords = {Gaussian noise;spectral analysis;speech enhancement;speech recognition;Gaussian white noise;car noise;musical noise elimination;noise-corrupted speech;over-subtraction method;power spectral subtraction;residual noise reduction;spectral subtraction method;speech enhancement;speech recognition},
	Pages = {165-168 vol.1},
	Title = {Speech enhancement using spectral over-subtraction and residual noise reduction},
	Volume = {1},
	Year = {0-0},
	Bdsk-Url-1 = {http://dx.doi.org/10.1109/SCS.2003.1226974}}

@misc{mimo_cable,
	Date-Added = {2013-03-05 20:23:43 +0000},
	Date-Modified = {2013-03-05 20:24:04 +0000},
	Lastchecked = {3/1/2013},
	Month = {March},
	Url = {http://gnuradio.org/redmine/projects/gnuradio/wiki/MultiUsrp},
	Year = {2013},
	Bdsk-Url-1 = {http://gnuradio.org/redmine/projects/gnuradio/wiki/MultiUsrp}}

@misc{sdr_blog,
	Date-Added = {2013-03-05 20:16:29 +0000},
	Date-Modified = {2013-03-05 20:16:53 +0000},
	Lastchecked = {3/1/2013},
	Month = {March},
	Url = {http://sdrblog.wordpress.com/2009/03/16/timestamp-data-from-the-usrp/},
	Year = {2013},
	Bdsk-Url-1 = {http://sdrblog.wordpress.com/2009/03/16/timestamp-data-from-the-usrp/}}

@misc{sdr_blocks,
	Title = {{Resource Allocation Studies Using Software Defined Radio (SDR)}},
	Date-Added = {2013-03-05 20:14:03 +0000},
	Date-Modified = {2013-03-05 20:14:52 +0000},
	Lastchecked = {3/1/2013},
	Month = {March},
	Url = {http://confluence.qu.edu.qa/display/NPRPRESEARCH/USRP2+Testbed},
	Year = {2013},
	Bdsk-Url-1 = {http://confluence.qu.edu.qa/display/NPRPRESEARCH/USRP2+Testbed}}

@booklet{n210spec,
	Address = {1043 North Shoreline Blvd},
	Author = {Ettus Research},
	Date-Added = {2013-03-05 20:06:25 +0000},
	Date-Modified = {2013-03-05 20:09:11 +0000},
	Month = {September},
	Title = {USRP N200/210 Networked Series},
	Url = {https://www.ettus.com/content/files/07495_Ettus_N200-210_DS_Flyer_HR_1.pdf},
	Year = {2012},
	Bdsk-Url-1 = {https://www.ettus.com/content/files/07495_Ettus_N200-210_DS_Flyer_HR_1.pdf}}

@booklet{USRP2Stats,
	Address = {1043 North Shoreline Blvd},
	Author = {Ettus Research},
	Date-Added = {2013-03-05 20:06:25 +0000},
	Date-Modified = {2013-03-05 20:09:11 +0000},
	Month = {September},
	Title = {{USRP2 The Next Generation of Software Radio Systems}},
	Url = {http://www.ece.umn.edu/users/ravi0022/class/ee4505/ettus_ds_usrp2_v5.pdf},
	Year = {2010},
	Bdsk-Url-1 = {http://www.ece.umn.edu/users/ravi0022/class/ee4505/ettus_ds_usrp2_v5.pdf}}

@book{gubner,
	Author = {John A. Gubner},
	Date-Added = {2013-02-07 21:25:19 +0000},
	Date-Modified = {2013-02-07 21:26:46 +0000},
	Publisher = {Cambridge University Press},
	Title = {Probability and Random Processes for Electrical Engineers},
	Year = {2010}}

@manual{metadata,
	Date-Added = {2013-02-07 20:34:05 +0000},
	Date-Modified = {2013-02-07 20:35:23 +0000},
	Organization = {Ettus Research},
	Title = {UHD Documentation},
	Url = {http://files.ettus.com/uhd_docs/doxygen/html/structuhd_1_1rx__metadata__t.html},
	Bdsk-Url-1 = {http://files.ettus.com/uhd_docs/doxygen/html/structuhd_1_1rx__metadata__t.html}}

@misc{wired,
	Author = {Quinn Norton},
	Date-Added = {2013-02-07 20:23:59 +0000},
	Date-Modified = {2013-02-07 20:25:07 +0000},
	Title = {{GNU Radio Opens an Unseen World}},
	Url = {http://www.wired.com/science/discoveries/news/2006/06/70933?currentPage=all},
	Bdsk-Url-1 = {http://www.wired.com/science/discoveries/news/2006/06/70933?currentPage=all}}

@misc{matlabtargeting,
	Author = {Mathworks Inc.},
	Date-Added = {2013-02-07 19:31:07 +0000},
	Date-Modified = {2013-02-07 19:32:36 +0000},
	Lastchecked = {2013},
	Month = {January},
	Url = {http://www.mathworks.com/products/embedded-coder/index.html?s_cid=0909_webg_9b_ccslink_trans_268513},
	Year = {2013},
	Bdsk-Url-1 = {http://www.mathworks.com/products/embedded-coder/index.html?s_cid=0909_webg_9b_ccslink_trans_268513}}

@misc{matlabsdru,
	Author = {Mathworks Inc.},
	Date-Added = {2013-02-07 19:29:04 +0000},
	Date-Modified = {2013-02-07 19:30:41 +0000},
	Lastchecked = {2013},
	Url = {http://www.mathworks.com/discovery/sdr/usrp.html},
	Year = {2013},
	Bdsk-Url-1 = {http://www.mathworks.com/discovery/sdr/usrp.html}}

@article{spectrumware,
	Author = {V. Bose and M. Ismert and M. Welborn and J. Guttag},
	Journal = {Special Issue on Software Radios},
	Publisher = {IEEE/JSA},
	Title = {Virtual Radios},
	Year = {1999}}

@inproceedings{berouti,
	Author = {Berouti, M. and Schwartz, R. and Makhoul, J.},
	Booktitle = {Acoustics, Speech, and Signal Processing, IEEE International Conference on ICASSP '79.},
	Doi = {10.1109/ICASSP.1979.1170788},
	Keywords = {Acoustic noise;Background noise;Noise level;Noise reduction;Performance evaluation;Phase estimation;Phase noise;Signal to noise ratio;Speech enhancement;Testing;},
	Month = {apr},
	Pages = {208 - 211},
	Title = {Enhancement of speech corrupted by acoustic noise},
	Volume = {4},
	Year = {1979},
	Bdsk-Url-1 = {http://dx.doi.org/10.1109/ICASSP.1979.1170788}}

@article{boll,
	Author = {Steven F. Boll},
	Date-Added = {2013-02-07 19:00:51 +0000},
	Date-Modified = {2013-02-07 19:04:33 +0000},
	Journal = {Acoustics, Speech, and Signal Processing, IEEE International Conference on ICASSP '79},
	Pages = {200-203},
	Title = {A Spectral Subtraction Algorithm for Suppression of Acoustic Noise in Speech},
	Volume = {4},
	Year = {1979}}

@misc{ghost,
	Date-Added = {2013-02-07 18:42:53 +0000},
	Date-Modified = {2013-04-12 02:10:17 +0000},
	Title = {{SOLVING TV RECEPTION PROBLEMS}},
	Url = {http://www1.electusdistribution.com.au/imagesuploaded/tvrecepe.pdf},
	Year = {2002},
	Bdsk-Url-1 = {http://www1.electusdistribution.com.au/images_uploaded/tvrecepe.pdf}}

@techreport{kandangath,
	Author = {Anil Kandangath},
	Date-Added = {2013-02-02 23:18:25 +0000},
	Date-Modified = {2013-02-02 23:21:00 +0000},
	Institution = {University of Arizona},
	Title = {Jamming Mitigation Techniques for Spread Spectrum Communication Systems},
	Year = {2003}}

@techreport{ieee80211,
	Author = {IEEE Computer Society},
	Date-Added = {2013-02-02 20:23:58 +0000},
	Date-Modified = {2013-02-02 20:27:03 +0000},
	Institution = {IEEE},
	Title = {{Part 11: Wireless LAN Medium Access Control (MAC) and Physical Layer (PHY) Specifications Part 11: Wireless LAN Medium Access Control (MAC) and Physical Layer (PHY) Specifications}},
	Year = {2012}}

@book{sterling,
	Author = {Christopher H. Sterling},
	Date-Added = {2013-02-02 19:12:14 +0000},
	Date-Modified = {2013-02-02 19:14:49 +0000},
	Publisher = {ABC-CLIO},
	Title = {{Military Communications: From Ancient Times to the 21st Century}},
	Year = {2007}}

@article{Zimmermann,
	Author = {Zimmermann, H.},
	Doi = {10.1109/TCOM.1980.1094702},
	Issn = {0090-6778},
	Journal = {Communications, IEEE Transactions on},
	Keywords = {Computer aided manufacturing;Computer architecture;Computer networks;Constitution;ISO standards;Open systems;Protocols;Standardization;Standards development;Standards organizations; Computer communications; Standards;},
	Month = {apr},
	Number = {4},
	Pages = {425 - 432},
	Title = {{OSI Reference Model--The ISO Model of Architecture for Open Systems Interconnection}},
	Volume = {28},
	Year = {1980},
	Bdsk-Url-1 = {http://dx.doi.org/10.1109/TCOM.1980.1094702}}

@book{frater,
	Author = {Michael R. Frater and Michael Ryan},
	Date-Added = {2013-02-02 17:46:15 +0000},
	Date-Modified = {2013-02-02 17:48:03 +0000},
	Publisher = {Artech Print on Demand},
	Title = {{Electronic Warfare for the Digitized Battlefield}},
	Year = {2001}}

@misc{scarcity,
	Author = {Kathy Pretz},
	Title = {{Overcoming Spectrum Scarcity}},
	Date-Added = {2013-02-02 17:40:50 +0000},
	Date-Modified = {2013-02-02 17:42:03 +0000},
	Keywords = {Spectrum},
	Month = {August},
	Url = {http://theinstitute.ieee.org/technology-focus/technology-topic/overcoming-spectrum-scarcity},
	Year = {2012},
	Bdsk-Url-1 = {http://theinstitute.ieee.org/technology-focus/technology-topic/overcoming-spectrum-scarcity}}

@inproceedings{24,
	Author = {Koski, E. and Linn, C.},
	Booktitle = {Software Product Line Conference, 2006 10th International},
	Doi = {10.1109/SPLINE.2006.1691590},
	Keywords = {Joint Tactical Radio System program;US Department of Defense;software communications architecture;software product line;software programmable radio systems;software-defined radios;military communication;military computing;software engineering;software radio;},
	Month = {0-0},
	Pages = {10 pp. -191},
	Title = {{The JTRS program: software-defined radios as a software product line}},
	Year = {2006},
	Bdsk-Url-1 = {http://dx.doi.org/10.1109/SPLINE.2006.1691590}}

@article{23,
	Author = {Lackey, R.I. and Upmal, D.W.},
	Doi = {10.1109/35.392998},
	Issn = {0163-6804},
	Journal = {Communications Magazine, IEEE},
	Keywords = {DSP technologies;Speakeasy Phase II radio;benefits;military software radio;programmable processing;digital radio;land mobile radio;military communication;telecommunication computing;},
	Month = {may},
	Number = {5},
	Pages = {56 -61},
	Title = {{Speakeasy: The Military Software Radio}},
	Volume = {33},
	Year = {1995},
	Bdsk-Url-1 = {http://dx.doi.org/10.1109/35.392998}}

@misc{22,
	Author = {Regory Staple and Kevin Werbach},
	Title = {{The End of Spectrum Scarcity}},
	Date-Added = {2012-12-17 19:31:23 +0000},
	Date-Modified = {2012-12-17 19:32:26 +0000},
	Lastchecked = {12/17/2012},
	Month = {march},
	Url = {http://spectrum.ieee.org/telecom/wireless/the-end-of-spectrum-scarcity},
	Year = {2004},
	Bdsk-Url-1 = {http://spectrum.ieee.org/telecom/wireless/the-end-of-spectrum-scarcity}}

@article{21,
	Author = {Mitola, J., III},
	Doi = {10.1109/62.210638},
	Issn = {0885-8985},
	Journal = {Aerospace and Electronic Systems Magazine, IEEE},
	Keywords = {CAD;algorithm structures;canonical open architecture software;channel model;communication system functions;computational models;digital signal processing;host architectures;metalevel;quantitative analysis;real-time communications;receiver;software radio;target processors;topological consistency;transmitter;CAD;digital radio systems;open systems;signal processing;telecommunications computing;},
	Month = {april},
	Number = {4},
	Pages = {25 -36},
	Title = {{Software Radios: Survey, Critical Evaluation and Future Directions}},
	Volume = {8},
	Year = {1993},
	Bdsk-Url-1 = {http://dx.doi.org/10.1109/62.210638}}

@article{20,
	Author = {Srihari Adireddy and Lang Tong},
	Journal = {IEEE Trans. Info. Theory},
	Title = {{Optimal Placement of Known Symbols for Nonergodic Broadcast Channels}},
	Volume = {2192},
	Year = {2002}}

@inproceedings{19,
	Author = {Farhang-Boroujeny, B.},
	Booktitle = {Signal Processing, 1996., 3rd International Conference on},
	Doi = {10.1109/ICSIGP.1996.567340},
	Keywords = {Wiener filter;channel response;communication channels;computationally efficient algorithm;computer simulations;convergence;data receivers;experimental study;least squares channel identification algorithm;pilot based channel identification;pilot signals;reliability;semiblind channel identification/equalization;unbiased estimate;unimodal performance surface;Wiener filters;convergence of numerical methods;equalisers;filtering theory;identification;least squares approximations;receivers;telecommunication channels;},
	Month = {oct},
	Pages = {618 -621 vol.1},
	Title = {{Experimental study of semi-blind channel identification/equalization through pilot signals}},
	Volume = {1},
	Year = {1996},
	Bdsk-Url-1 = {http://dx.doi.org/10.1109/ICSIGP.1996.567340}}

@article{18,
	Author = {Orozco-Lugo, A.G. and Lara, M.M. and McLernon, D.C.},
	Doi = {10.1109/TSP.2003.819993},
	Issn = {1053-587X},
	Journal = {Signal Processing, IEEE Transactions on},
	Keywords = {Cramer-Rao bound; GSM-like environmental conditions; blind channel identification methods; channel estimation; closed-form solution; dc-offset; equalization; implicit training; multichannel systems; power distribution; synchronization; training sequence; training sequences; channel estimation; sequences; synchronisation;},
	Month = {jan.},
	Number = {1},
	Pages = {240 - 254},
	Title = {{Channel Estimation Using Implicit Training}},
	Volume = {52},
	Year = {2004},
	Bdsk-Url-1 = {http://dx.doi.org/10.1109/TSP.2003.819993}}

@article{17,
	Author = {Zhou, G.T. and Viberg, M. and McKelvey, T.},
	Doi = {10.1109/LSP.2002.807864},
	Issn = {1070-9908},
	Journal = {Signal Processing Letters, IEEE},
	Keywords = {Cramer-Rao bound;FIR channel estimation;ISI;channel equalization;channel estimation algorithms;finite-impulse response channel estimation;first-order statistic;first-order statistical method;information rate;intersymbol interference;linear channel estimate;multipath channel;periodic pilot scheme;transmission power;variance expression;wireless communications;channel estimation;intersymbol interference;multipath channels;statistical analysis;transient response;},
	Month = {march},
	Number = {3},
	Pages = {57 -60},
	Title = {{A First-Order Statistical Method for Channel Estimation}},
	Volume = {10},
	Year = {2003},
	Bdsk-Url-1 = {http://dx.doi.org/10.1109/LSP.2002.807864}}

@article{16,
	Author = {Adireddy, S. and Lang Tong and Viswanathan, H.},
	Doi = {10.1109/TIT.2002.800466},
	Issn = {0018-9448},
	Journal = {Information Theory, IEEE Transactions on},
	Keywords = {MMSE channel estimate; OFDM; ergodic training i.i.d. capacity; finite impulse response length; frequency-selective block-fading channels; independent identically distributed capacity; lower bound; optimal training placement; optimum energy tradeoff; orthogonal frequency-division multiplexing; quasi-periodic placement; quasi-static channel; single-carrier systems; training symbols; OFDM modulation; channel capacity; fading channels; least mean squares methods; optimisation; parameter estimation; transient response;},
	Month = {aug},
	Number = {8},
	Pages = {2338 - 2353},
	Title = {{Optimal Placement of Training for Frequency-Selective Block-Fading Channels}},
	Volume = {48},
	Year = {2002},
	Bdsk-Url-1 = {http://dx.doi.org/10.1109/TIT.2002.800466}}

@article{Ghogho,
	Author = {Ghogho, M. and McLernon, D. and Alameda-Hernandez, E. and Swami, A.},
	Doi = {10.1109/LSP.2004.842283},
	Issn = {1070-9908},
	Journal = {Signal Processing Letters, IEEE},
	Keywords = {block transmission; channel estimation; data-dependent superimposed training; frequency-selective channel; multipath channels; symbol detection; channel estimation; multipath channels; radio receivers;},
	Month = {march},
	Number = {3},
	Pages = {226 - 229},
	Title = {{Channel Estimation and Symbol Detection for Block Transmission Using Data-Dependent Superimposed Training}},
	Volume = {12},
	Year = {2005},
	Bdsk-Url-1 = {http://dx.doi.org/10.1109/LSP.2004.842283}}

@inproceedings{14,
	Author = {Liang Zhao and Amin, M.G. and Lindsey, A.R.},
	Booktitle = {Statistical Signal and Array Processing, 2000. Proceedings of the Tenth IEEE Workshop on},
	Doi = {10.1109/SSAP.2000.870181},
	Keywords = {SINR;anti-FM jamming GPS receivers;coarse acquisition spread spectrum code;instantaneous frequency estimation;instantaneous narrowband FM jammers;jammer instantaneous frequency;pre-correlation signal processing method;rotated signal space;signal to interference plus noise ratio;subspace projection techniques;time-frequency signatures;Global Positioning System;correlation methods;frequency estimation;interference suppression;jamming;radio receivers;signal processing;time-frequency analysis;},
	Pages = {529 -533},
	Title = {{Subspace Projection Techniques for Anti-FM Jamming GPS Receivers}},
	Year = {2000},
	Bdsk-Url-1 = {http://dx.doi.org/10.1109/SSAP.2000.870181}}

@inproceedings{13,
	Author = {Jones, W.W. and Jones, K.R.},
	Booktitle = {Military Communications Conference, 1992. MILCOM '92, Conference Record. Communications - Fusing Command, Control and Intelligence., IEEE},
	Doi = {10.1109/MILCOM.1992.243977},
	Keywords = {bit error probability; direct sequence spread spectrum; filter-bank analysis/synthesis techniques; jamming scenarios; multirate digital filter banks; narrowband interference suppression; performance; polyphase filter networks; transform domain interference suppression systems; digital filters; error statistics; interference suppression; jamming; spread spectrum communication;},
	Month = {oct},
	Pages = {898 -902 vol.3},
	Title = {{Narrowband Interference Suppression using Filter-Bank Analysis/Synthesis Techniques}},
	Year = {1992},
	Bdsk-Url-1 = {http://dx.doi.org/10.1109/MILCOM.1992.243977}}

@inproceedings{12,
	Author = {DiPietro, R.C.},
	Booktitle = {Acoustics, Speech, and Signal Processing, 1989. ICASSP-89., 1989 International Conference on},
	Doi = {10.1109/ICASSP.1989.266690},
	Issn = {1520-6149},
	Keywords = {FFT-based architecture;FFT-based narrowband interference suppression filter;PN spread spectrum communications systems;SNR;baseband signal;fast Fourier transform;filter weighting coefficients;fixed-length blocks;frequency domain;high-frequency interference model;maximum SNR;optimal filter scheme;performance predictions;pseudonoise;signal parameters;suboptimal thresholding algorithms;symbol matched filter signal-to-noise ratio;time domain;digital filters;fast Fourier transforms;interference suppression;radiofrequency interference;spread spectrum communication;},
	Month = {may},
	Pages = {1360 -1363 vol.2},
	Title = {{An FFT Based Technique for Suppressing Narrow-band Interference in PN Spread Spectrum Communications Systems}},
	Year = {1989},
	Bdsk-Url-1 = {http://dx.doi.org/10.1109/ICASSP.1989.266690}}

@inproceedings{11,
	Author = {Haimovich, A. and Vadhri, A.},
	Booktitle = {Military Communications Conference, 1994. MILCOM '94. Conference Record, 1994 IEEE},
	Doi = {10.1109/MILCOM.1994.473964},
	Keywords = {PN spread spectrum systems; Wiener filter; adaptive technique; correlated narrow-band interference; correlation matrix; data correlation matrix; eigenanalysis; error prediction filter; filter taps; interference cancellation; interference suppression; mean square error; narrow-band interference rejection; orthogonality; pseudo-noise code; signal subspace; spread spectrum communications; spread spectrum signal energy; tapped delay line filter; white spectrum; wide-band signal; Wiener filters; adaptive signal processing; correlation methods; delay lines; eigenvalues and eigenfunctions; filtering theory; interference suppression; prediction theory; pseudonoise codes; spread spectrum communication;},
	Month = {oct},
	Pages = {1002 -1006 vol.3},
	Title = {{Rejection of Narrow-band Interferences in PN Spread Spectrum Systems Using an Eigenanalysis Approach}},
	Year = {1994},
	Bdsk-Url-1 = {http://dx.doi.org/10.1109/MILCOM.1994.473964}}

@book{10,
	Author = {Ellersick, F.W. and Schilling, D.L.},
	Publisher = {IEEE},
	Series = {IEEE journal on selected areas in communications : a publication of the IEEE Communications Society},
	Title = {{Special Issue on Progress in Military Communications}},
	Url = {http://books.google.com/books?id=NDq8HAAACAAJ},
	Year = {1985},
	Bdsk-Url-1 = {http://books.google.com/books?id=NDq8HAAACAAJ}}

@book{9,
	Author = {C. Richard Johnson, Jr. and William A. Sethares and Andrew G. Klein},
	Date-Added = {2012-11-29 19:33:27 +0000},
	Date-Modified = {2012-11-29 19:35:37 +0000},
	Publisher = {Cambridge University Press},
	Title = {Software Receiver Design: Build Your Own Digital Communications System in Five Easy Steps},
	Year = {2011}}

@misc{8,
	Author = {Karthikeyan Mahadevan and Sojeong Hong and John Dullum},
	Date-Added = {2012-11-27 21:33:30 +0000},
	Date-Modified = {2012-11-27 21:34:27 +0000},
	Month = {December},
	Title = {{Anti-Jamming: A Study}},
	Year = {2005}}

@article{7,
	Acmid = {1409891},
	Address = {USA},
	Author = {Reese, Kristopher W. and Salem, Ahmed},
	Issn = {1937-4771},
	Issue_Date = {January 2009},
	Journal = {J. Comput. Sci. Coll.},
	Month = jan,
	Number = {3},
	Numpages = {6},
	Pages = {93--98},
	Publisher = {Consortium for Computing Sciences in Colleges},
	Title = {{A survey on jamming avoidance in ad-hoc sensory networks}},
	Url = {http://dl.acm.org/citation.cfm?id=1409873.1409891},
	Volume = {24},
	Year = {2009},
	Bdsk-Url-1 = {http://dl.acm.org/citation.cfm?id=1409873.1409891}}

@inproceedings{6,
	Author = {Jingpu Shi and Theodoros Salonidis and Edward W. Knightly},
	Booktitle = {in CSMA Multi-hop Wireless Networks,'' in Proceedings of the International Symposium on Mobile Ad Hoc Networking and Computing (MobiHoc)},
	Pages = {214--225},
	Title = {{Starvation mitigation through multi-channel coordination in csma multi-hop wireless networks}},
	Year = {2006}}

@conference{5,
	Author = {Mithun Acharya and David Thuente},
	Booktitle = {Proceedings of the OPNETWORK Conference},
	Date-Added = {2012-11-27 19:01:33 +0000},
	Date-Modified = {2012-11-27 19:03:29 +0000},
	Title = {{Intelligent Jamming Attacks, Counterattacks and (Counter)2 Attacks in 802.11b Wireless Networks}},
	Year = {2005}}

@article{4,
	Author = {J. Mitola},
	Date-Added = {2012-11-27 18:12:29 +0000},
	Date-Modified = {2012-11-27 18:13:23 +0000},
	Journal = {IEEE Communications Magazine},
	Pages = {26-38},
	Title = {{The Software Radio Architecture}},
	Year = {1995}}

@book{3,
	Author = {Kwang-Cheng Chen and Ramjee Prasad},
	Date-Added = {2012-11-27 15:43:47 +0000},
	Date-Modified = {2012-11-27 19:12:50 +0000},
	Publisher = {John Wiley and Sons},
	Title = {Cognitive Radio Networks},
	Year = {2009}}

@article{2,
	Author = {Faraz Ahsan and Ali Zahir and Sajjad Mohsin and Khalid Hussain},
	Date-Added = {2012-11-26 22:38:24 +0000},
	Date-Modified = {2012-11-27 18:22:46 +0000},
	Journal = {Journal of Theoretical and Applied Information Technology},
	Month = {August},
	Number = {1},
	Pages = {55-67},
	Title = {{Survey on Survival Approaches in Wireless Network Against Jamming Attack}},
	Volume = {30},
	Year = {2011}}

@article{1,
	Author = {Aristides Mpitziopoulos and Damianos Gavalas and Charalampos Konstantopoulos and Grammati Pantziou},
	Date-Added = {2012-11-26 19:43:09 +0000},
	Date-Modified = {2012-11-27 19:13:14 +0000},
	Journal = {IEEE Communications Surveys and Tutorials},
	Number = {4},
	Pages = {42-56},
	Title = {{A Survey on Jamming Attacks and Countermeasures in WSNs}},
	Volume = {11},
	Year = {2009},
	Bdsk-File-1 = {YnBsaXN0MDDUAQIDBAUIJidUJHRvcFgkb2JqZWN0c1gkdmVyc2lvblkkYXJjaGl2ZXLRBgdUcm9vdIABqAkKFRYXGyIjVSRudWxs0wsMDQ4RElpOUy5vYmplY3RzViRjbGFzc1dOUy5rZXlzog8QgASABoAHohMUgAKAA1lhbGlhc0RhdGFccmVsYXRpdmVQYXRo0hgMGRpXTlMuZGF0YU8RAkIAAAAAAkIAAgAADE1hY2ludG9zaCBIRAAAAAAAAAAAAAAAAAAAAMpAsaxIKwAAA58OpR9JRUVFX0NvbW11bmljYXRpb25fIzM5RjA5NTkucGRmAAAAAAAAAAAAAAAAAAAAAAAAAAAAAAAAAAAAAAAAAAADnwlZzNkvngAAAAAAAAAAAAEAAgAACSAAAAAAAAAAAAAAAAAAAAAIcmVzZWFyY2gAEAAIAADKQOnsAAAAEQAIAADM2XXuAAAAAQAUA58OpQOe5tIALTO/AAUCPgAAvuwAAgBbTWFjaW50b3NoIEhEOlVzZXJzOgB0cmF2aXM6AEdpdDoAVGhlc2lzX0RvY3VtZW50OgByZXNlYXJjaDoASUVFRV9Db21tdW5pY2F0aW9uXyMzOUYwOTU5LnBkZgAADgB2ADoASQBFAEUARQBfAEMAbwBtAG0AdQBuAGkAYwBhAHQAaQBvAG4AXwBTAHUAcgB2AGUAeQBzAF8AXwBfAFQAdQB0AG8AcgBpAGEAbABzAF8ALQBfAHAAdQBiAGwAaQBzAGgAZQBkAC4AcABkAGYALgBwAGQAZgAPABoADABNAGEAYwBpAG4AdABvAHMAaAAgAEgARAASAGRVc2Vycy90cmF2aXMvR2l0L1RoZXNpc19Eb2N1bWVudC9yZXNlYXJjaC9JRUVFX0NvbW11bmljYXRpb25fU3VydmV5c19fX1R1dG9yaWFsc18tX3B1Ymxpc2hlZC5wZGYucGRmABMAAS8AABUAAgAN//8AAIAF0hwdHh9YJGNsYXNzZXNaJGNsYXNzbmFtZaMfICFdTlNNdXRhYmxlRGF0YVZOU0RhdGFYTlNPYmplY3RfEEYuLi9yZXNlYXJjaC9JRUVFX0NvbW11bmljYXRpb25fU3VydmV5c19fX1R1dG9yaWFsc18tX3B1Ymxpc2hlZC5wZGYucGRm0hwdJCWiJSFcTlNEaWN0aW9uYXJ5EgABhqBfEA9OU0tleWVkQXJjaGl2ZXIACAARABYAHwAoADIANQA6ADwARQBLAFIAXQBkAGwAbwBxAHMAdQB4AHoAfACGAJMAmACgAuYC6ALtAvYDAQMFAxMDGgMjA2wDcQN0A4EDhgAAAAAAAAIBAAAAAAAAACgAAAAAAAAAAAAAAAAAAAOY}}
