@mastersthesis{breen04,
	author = "D. Breen",
	title = "{Characterization of Multi-carrier Locator Performance}",
	school = "Worcester Polytechnic Institute",
	year = "2004" }

@article { huang01,
    author = "Yiten Huang and Jacob Benesty and Gary W. Elko and Russell M. Mersereau",
    title = "Real-Time Passive Source Localization: A Practical Linear-Correction Least Squares Approach",
    journal = "{IEEE Transactionson Speech and Audio Processing}",
    volume = "9",
    number = "8",
    month = nov,
    pages = "943-956",
    year = "1987",
}


@article { smithdec87,
    author = "Julius O. Smith and Jonathan S. Abel",
    title = "Closed-Form Least-Squares Source Location Estimation from Range-Difference Measurements",
    journal = "{IEEE Transactionson Acoustics, Speech, and Signal Processing}",
    volume = "ASSP-35",
    number = "No. 12",
    month = dec,
    pages = "1661-1669",
    year = "1987",
}

@article { friedlander87,
    author = "Benjamin Friedlander",
    title = "A Passive Localization Algorithm and Its Accuracy Analysis",
    journal = "{IEEE Journal of Oceanic Engineering}",
    volume = "OE-12",
    number = "No. 1",
    month = jan,
    pages = "234-245",
	year = "1987",
}

@inbook { hardlemds03,
    author = "Wolfgang Hardle and Leopole Simar",
    title = "Applied Multivariate Statistical Analysis",
    year = "2003",
    chapter = "15.2",
    url ="http://www.quantlet.com/mdstat/scripts/mva/htmlbook/",
}

@misc { cyganskialign3d,
    author = "D. Cyganski",
    title = "Implementaton of Least Squares Fitting of two three-point sets",
    type = "unpublished notes",
    year = "1999",
}

@inproceedings{ bard96,
    author = "John D. Bard and Fredric M. Ham and W. Linwood Jones",
    title = "An Algebraic Solution to the Time Difference of Arrival Equations",
    booktitle = "{Southeastcon '96. 'Bringing Together Education, Science and Technology'., Proceedings of the IEEE}",
    pages = "313-319",
    year = "1996",
}

@article{ bard99,
    author = "John D. Bard and Fredric M. Ham",
    title = "Time Difference of Arrival Dilution of Precision and Applications",
    journal = "{IEEE} Transactions on Signal Processing",
    volume = "47",
    number = "No. 2",
    month = feb,
    pages = "521-523",
    year = "1999",
}

@article { hochanaug94,
    author = "K.C. Ho and Y.T. Chan",
    title = "A simple and efficient estimator for hyperbolic location",
    journal = "IEEE Transactions on Signal Processing",
    volume = "Vol. 42",
    number = "No. 8",
    month = aug,
    year = "1994",
    pages= "1905-1915",
}

@article { hochanoct93,
    author = "K.C. Ho and Y.T. Chan",
    title = "Solution and Performance Analysis of Geolocation by {TDOA}",
    journal = "IEEE Transactions on Aerospace and Electronic Systems",
    volume = "Vol. 29",
    number = "No. 4",
    month = oct,
    year = "1993",
    pages= "1311-1322",
}

@article { fang90,
    author = "Bertrand T. Fang",
    title = "Simple Solutions for Hyperbolic and Related Position Fixes",
    journal = "IEEE Transactions on Aerospace and Electronic Systems",
    volume = "Vol. 26",
    number = "No. 5",
    month = sept,
    year = "1990",
    pages= "748-752",
}

@article { fang95,
    author = "Bertrand T. Fang",
    title = "Comments on {``Analysis of Geolocation by TDOA''}",
    journal = "IEEE Transactions on Aerospace and Electronic Systems",
    volume = "Vol. 31",
    number = "No. 1",
    month = jan,
    year = "1995",
    pages = "510"
}

@inproceedings{ cyganskisept03,
    author = "D. Cyganski and J.A. Orr and W.R. Michalson",
    title = "A Multi-Carrier Technique for Precision Geolocation for Indoor/Multipath Environments",
    booktitle = "{Proceedings of ION GPS/GNSS}",
    month = sept,
    year = "2003",
}

@inproceedings{ cyganksijan04,
    author = "D. Cyganski and J.A. Orr and W.R. Michalson",
    title = "Peformance of a Precision Indoor Positioning System Using a Multi-Carrier Approach",
    booktitle = "{ION NTM}",
    month = jan,
    year = "2004",
}


@article { shensung02,
    author = "Dong-Ho Shin and Tae-Kyung Sung",
    title = "Comparison of Error Characteristics between {TDOA} and {TOA} Positioning",
    journal = "IEEE Transactions on Aerospace and Electronic Systems",
    volume = "Vol. 38",
    number = "No. 1",
    month = jan,
    year = "2003"
}

@misc { bucher99,
    author = "Raplh Bucher",
    title = "Exact Solution for Three Dimensional Hyperbolic Positioning Algorithm and Synthesizable {VHDL} Model for Hardware Implementation",
    year = "1999",
    howpublished = "World Wide Web",
    url = "http://ralph.bucher.home.att.net/project.html"
}