@book{bibtexcite,
	author	=	{The Author},
	title 	=	{Awesome Book},
	publisher	=	{WPI Press},
	year	=	{2008},
	pages	=	{5, 23-33}
}